1987 3861
327 342 446 406 154

1013 323 1183 387 BOS.

479 467 650 531 scripsit
673 468 718 516 in
745 471 830 516 (ιέῗ.
863 469 1013 517 Halm.
1047 481 1185 530 1779.
1215 466 1594 528 Africanusille,
1614 468 1720 517 dum
1738 470 1900 530 Buba-

478 539 538 585 lis
558 535 789 597 Asiaticus
813 548 870 580 ex
902 536 1148 581 elevatiore
1179 532 1412 580 Thvberhi
1439 535 1626 592 regione
1659 547 1793 592 arque
1828 538 1901 581 In-

480 603 569 649 diae
614 601 869 646 borealibus
897 634 911 655 ,
966 611 1115 645 ortum
1168 596 1334 655 duxit,
1371 595 1420 647 &
1455 598 1560 645 inde
1581 633 1594 654 ‚
1628 599 1903 646 mansuefac-

478 680 579 721 tus,
616 663 933 724 Clzinensihus,
979 663 1126 710 Indiae
1173 664 1338 710 incolis
1367 698 1381 717 ‚
1445 664 1595 710 servus
1626 665 1901 711 domesticus

475 729 633 779 evasit.
699 730 788 776 Bos
808 733 1065 788 giunm'ens
1088 727 1181 775 five
1206 728 1418 787 Equinus
1441 729 1568 775 aliam
1587 729 1799 775 familiam
1825 730 1907 776 de-

477 797 545 843 dit
575 809 634 841 ex
665 794 938 854 Thybetano
972 808 1116 852 regno
1158 793 1427 849 oriundam
1477 794 1611 854 hujus
1645 795 1900 850 historiam,

479 860 618 906 doste
649 856 698 906 &
728 861 954 918 eleganter
986 859 1112 905 dedit
1141 860 1287 906 ceJeb.
1314 861 1518 907 PALLAs.

407 925 488 974 Ex
518 925 704 972 Bisonte
744 936 867 973 naras
905 924 1050 985 topho
1085 924 1245 972 dorsali
1278 925 1485 985 gibbosas
1515 925 1750 971 varietates
1788 924 1900 971 mihi

480 989 756 1038 verosimile.

378 1071 426 1104 2.
460 1057 583 1104 Inter
619 1056 829 1103 obscuras
866 1055 1070 1115 species,
1123 1055 1304 1102 videtur
1339 1055 1543 1110 dume,
1589 1053 1647 1100 de
1687 1069 1782 1113 quo
1810 1054 1901 1100 Leo

473 1120 766 1182 Africanus,
793 1120 1010 1168 Ilffarmol
1029 1121 1198 1180 aliique
1246 1120 1525 1167 itineratores
1555 1121 1805 1178 loquuntur
1849 1117 1901 1166 &¹

473 1200 537 1234 ex
565 1187 619 1232 iis
649 1188 792 1234 DocSt.
817 1188 1055 1234 PENNANT
1090 1185 1260 1244 quadr.
1302 1198 1374 1246 17.
1408 1186 1560 1239 albim,
1612 1184 1805 1243 pedibus
1836 1195 1904 1229 tes

471 1252 676 1309 retibus,
712 1263 843 1299 tantae
870 1252 1140 1308 celeritatis,
1176 1263 1226 1298 ut
1268 1264 1437 1309 equum
1477 1249 1703 1297 arabicum
1732 1263 1902 1309 praeva-

473 1319 592 1372 leat,
627 1317 660 1365 fi
687 1332 799 1364 vero
816 1331 964 1377 equus
980 1317 1173 1365 celerior
1195 1317 1319 1364 bove
1339 1351 1352 1372 ‚
1391 1317 1512 1362 mille
1528 1328 1765 1361 aureorum
1794 1328 1901 1360 cen-

471 1381 624 1437 setur;
658 1381 753 1430 five
777 1395 960 1430 centum
987 1385 1311 1438 Camelorum3
1347 1382 1463 1427 hanc
1478 1380 1660 1426 Bekker
1680 1376 1900 1436 &IJVafh

473 1447 564 1494 effe
586 1461 823 1507 perperam
850 1448 1030 1495 tradidit
1058 1450 1326 1495 ERXLEBEN
1347 1480 1361 1504 ‚
1396 1460 1483 1494 nec
1522 1447 1653 1493 etiam
1670 1459 1754 1505 pro
1774 1446 1900 1492 bove

473 1525 594 1560 nano
621 1514 896 1568 ΡΕΝΝΑΝΤΗ
929 1514 1083 1562 haberi
1112 1513 1277 1574 potest.

407 1578 531 1625 Inter
570 1575 802 1639 Europeos
837 1580 982 1627 boves
1018 1579 1295 1626 domesticos
1331 1579 1526 1638 primum
1559 1577 1717 1622 locum
1757 1589 1899 1623 occu-

473 1654 610 1703 pant,
637 1659 756 1703 quos
783 1645 919 1693 mittit
950 1642 1274 1704 Holsteiizia&
1298 1641 1562 1702 Jntlandia
1579 1675 1593 1696 ‚
1630 1641 1716 1688 hos
1744 1655 1768 1687 a
1790 1645 1901 1688 late·

471 1721 523 1755 re
551 1721 762 1768 premunt
798 1708 1108 1767 Podolz'enfhs,
1159 1708 1488 1767 Ueranienses,
1541 1706 1775 1754 Germanis
1813 1721 1898 1752 no-

472 1773 597 1819 mine
631 1775 808 1820 blanu'e
851 1772 1006 1832 ocs'zfen
1048 1775 1162 1821 noti.
1204 1776 1450 1822 Annuatim
1487 1774 1564 1829 80,
1588 1775 1662 1819 vel
1689 1785 1771 1831 90,
1800 1787 1896 1817 000

473 1837 831 1896 Kom'ngsbergae
854 1871 870 1893 ‚
939 1839 1219 1896 Bet-linique
1265 1840 1503 1886 mittuntur
1529 1870 1544 1893 9
1593 1839 1756 1896 optimi
1804 1850 1895 1882 100

472 1903 670 1948 nummis
722 1902 942 1960 argenteis
989 1900 1388 1965 (Ryksdaalders)
1425 1902 1517 1949 five
1566 1916 1629 1947 20
1675 1909 1734 1966 Oe
1778 1901 1894 1946 steri.

473 1972 680 2018 constant
696 1971 800 2018 inde
823 1973 1035 2030 regiones
1057 1973 1144 2019 111ae
1168 1974 1410 2032 quotannis
1444 1974 1491 2030 6,
1507 1986 1617 2030 300,
1632 1986 1726 2017 000
1739 1969 1896 2031 Ryks-

474 2035 675 2083 daalders
702 2036 950 2096 accipiunt.

408 2101 652 2149 Veteribus
685 2111 773 2160 pro
803 2102 978 2161 poculis
998 2134 1013 2159 ,
1034 2101 1125 2148 Uri
1168 2117 1343 2150 cormm
1366 2105 1416 2149 in
1445 2101 1724 2163 ampltffimzls
1747 2102 1892 2162 epulis

474 2178 527 2214 ut
551 2166 612 2212 ait
636 2167 837 2214 CAEsAR.

412 2230 501 2280 Bos
527 2232 676 2281 nudus
703 2230 754 2283 &
787 2232 925 2281 Anoa
950 2233 1124 2295 species
1157 2232 1278 2281 haud
1308 2232 1407 2281 satis
1435 2233 1649 2294 cognitae.

1668 3255 1876 3307 XXXIV.
