<?xml version="1.0" encoding="UTF-8"?>
<!DOCTYPE html PUBLIC "-//W3C//DTD XHTML 1.0 Transitional//EN"
    "http://www.w3.org/TR/xhtml1/DTD/xhtml1-transitional.dtd">
<html xmlns="http://www.w3.org/1999/xhtml" xml:lang="en" lang="en">
 <head>
  <title>
</title>
<meta http-equiv="Content-Type" content="text/html;charset=utf-8" />
  <meta name='ocr-system' content='tesseract 3.04.00' />
  <meta name='ocr-capabilities' content='ocr_page ocr_carea ocr_par ocr_line ocrx_word'/>
</head>
<body>
  <div class='ocr_page' id='page_1' title='image "./pboddaertmeddoct00bodd_0180.png"; bbox 0 0 1987 3861; ppageno 0'>
   <div class='ocr_carea' id='block_1_1' title="bbox 333 311 455 374">
    <p class='ocr_par' dir='ltr' id='par_1_1' title="bbox 333 311 455 374">
     <span class='ocr_line' id='line_1_1' title="bbox 333 311 455 374; baseline -0.016 0"><span class='ocrx_word' id='word_1_1' title='bbox 333 311 455 374; x_wconf 79' lang='lat'><strong>134</strong></span> 
     </span>
    </p>
   </div>
   <div class='ocr_carea' id='block_1_2' title="bbox 739 292 1556 362">
    <p class='ocr_par' dir='ltr' id='par_1_2' title="bbox 739 292 1556 362">
     <span class='ocr_line' id='line_1_2' title="bbox 739 292 1556 362; baseline 0.005 -6"><span class='ocrx_word' id='word_1_2' title='bbox 739 292 1556 362; x_wconf 82' lang='lat' dir='ltr'><strong>CAMELOPARDALUS.</strong></span> 
     </span>
    </p>
   </div>
   <div class='ocr_carea' id='block_1_3' title="bbox 495 442 1917 1808">
    <p class='ocr_par' dir='ltr' id='par_1_3' title="bbox 495 442 1917 1808">
     <span class='ocr_line' id='line_1_3' title="bbox 497 442 1907 504; baseline 0.001 -14"><span class='ocrx_word' id='word_1_3' title='bbox 497 453 658 504; x_wconf 81' lang='lat' dir='ltr'><strong>paret,</strong></span> <span class='ocrx_word' id='word_1_4' title='bbox 691 442 768 490; x_wconf 90' lang='lat' dir='ltr'><strong>sed</strong></span> <span class='ocrx_word' id='word_1_5' title='bbox 805 446 882 491; x_wconf 87' lang='lat' dir='ltr'><strong>ubi</strong></span> <span class='ocrx_word' id='word_1_6' title='bbox 917 445 1127 504; x_wconf 87' lang='lat' dir='ltr'><strong>utrinque</strong></span> <span class='ocrx_word' id='word_1_7' title='bbox 1166 445 1451 504; x_wconf 80' lang='lat' dir='ltr'><strong>implantatur</strong></span> <span class='ocrx_word' id='word_1_8' title='bbox 1492 443 1721 500; x_wconf 84' lang='lat' dir='ltr'><strong>clarissime</strong></span> <span class='ocrx_word' id='word_1_9' title='bbox 1757 442 1907 494; x_wconf 83' lang='lat' dir='ltr'><strong>videri</strong></span> 
     </span>
     <span class='ocr_line' id='line_1_4' title="bbox 498 508 1906 573; baseline -0.001 -17"><span class='ocrx_word' id='word_1_10' title='bbox 498 508 676 568; x_wconf 85' lang='lat' dir='ltr'><strong>potest,</strong></span> <span class='ocrx_word' id='word_1_11' title='bbox 714 510 772 555; x_wconf 84' lang='lat' dir='ltr'><strong>Os</strong></span> <span class='ocrx_word' id='word_1_12' title='bbox 797 508 941 560; x_wconf 70' lang='lat' dir='ltr'><strong>flet-m·</strong></span> <span class='ocrx_word' id='word_1_13' title='bbox 971 510 1211 569; x_wconf 81' lang='lat' dir='ltr'><strong>bipedale,</strong></span> <span class='ocrx_word' id='word_1_14' title='bbox 1245 510 1422 569; x_wconf 84' lang='lat' dir='ltr'><strong>scapula</strong></span> <span class='ocrx_word' id='word_1_15' title='bbox 1456 524 1483 556; x_wconf 83' lang='lat'><strong>2</strong></span> <span class='ocrx_word' id='word_1_16' title='bbox 1505 510 1617 573; x_wconf 89' lang='lat' dir='ltr'><strong>ped.</strong></span> <span class='ocrx_word' id='word_1_17' title='bbox 1646 526 1672 555; x_wconf 84' lang='lat'><em>2</em></span> <span class='ocrx_word' id='word_1_18' title='bbox 1704 515 1816 568; x_wconf 90' lang='lat' dir='ltr'><strong>poll.</strong></span> <span class='ocrx_word' id='word_1_19' title='bbox 1852 519 1906 556; x_wconf 85' lang='lat' dir='ltr'><strong>os</strong></span> 
     </span>
     <span class='ocr_line' id='line_1_5' title="bbox 497 572 1911 634; baseline 0.002 -14"><span class='ocrx_word' id='word_1_20' title='bbox 497 574 708 629; x_wconf 84' lang='lat' dir='ltr'><strong>humeri,</strong></span> <span class='ocrx_word' id='word_1_21' title='bbox 741 574 849 619; x_wconf 88' lang='lat' dir='ltr'><strong>tibia</strong></span> <span class='ocrx_word' id='word_1_22' title='bbox 882 574 1144 629; x_wconf 83' lang='lat' dir='ltr'><strong>brachium,</strong></span> <span class='ocrx_word' id='word_1_23' title='bbox 1178 575 1372 621; x_wconf 88' lang='lat' dir='ltr'><strong>anterior</strong></span> <span class='ocrx_word' id='word_1_24' title='bbox 1414 572 1541 622; x_wconf 82' lang='lat' dir='ltr'><strong>simul</strong></span> <span class='ocrx_word' id='word_1_25' title='bbox 1576 574 1822 622; x_wconf 88' lang='lat' dir='ltr'><strong>mensurata</strong></span> <span class='ocrx_word' id='word_1_26' title='bbox 1861 586 1911 634; x_wconf 82' lang='grc'><strong>5.</strong></span> 
     </span>
     <span class='ocr_line' id='line_1_6' title="bbox 499 637 1908 701; baseline 0.001 -15"><span class='ocrx_word' id='word_1_27' title='bbox 499 653 548 698; x_wconf 83' lang='grc' dir='ltr'><strong>Ρ.</strong></span> <span class='ocrx_word' id='word_1_28' title='bbox 592 652 639 696; x_wconf 91' lang='lat'><strong>9.</strong></span> <span class='ocrx_word' id='word_1_29' title='bbox 682 641 794 696; x_wconf 90' lang='lat' dir='ltr'><strong>poll.</strong></span> <span class='ocrx_word' id='word_1_30' title='bbox 844 640 887 684; x_wconf 84' lang='lat'><strong>8.</strong></span> <span class='ocrx_word' id='word_1_31' title='bbox 923 637 971 685; x_wconf 80' lang='lat'>&amp;</span> <span class='ocrx_word' id='word_1_32' title='bbox 1020 640 1239 694; x_wconf 82' lang='lat' dir='ltr'><strong>femoris,</strong></span> <span class='ocrx_word' id='word_1_33' title='bbox 1283 640 1425 686; x_wconf 88' lang='lat' dir='ltr'><strong>cruris</strong></span> <span class='ocrx_word' id='word_1_34' title='bbox 1474 640 1631 687; x_wconf 88' lang='lat' dir='ltr'><strong>itidem</strong></span> <span class='ocrx_word' id='word_1_35' title='bbox 1674 651 1721 699; x_wconf 83' lang='lat'><strong>5.</strong></span> <span class='ocrx_word' id='word_1_36' title='bbox 1764 655 1811 701; x_wconf 91' lang='lat'><strong>9.</strong></span> <span class='ocrx_word' id='word_1_37' title='bbox 1856 655 1908 701; x_wconf 90' lang='lat'><strong>4.</strong></span> 
     </span>
     <span class='ocr_line' id='line_1_7' title="bbox 501 702 1911 768; baseline 0.002 -19"><span class='ocrx_word' id='word_1_38' title='bbox 501 706 655 761; x_wconf 86' lang='lat' dir='ltr'><strong>itaque</strong></span> <span class='ocrx_word' id='word_1_39' title='bbox 669 702 838 761; x_wconf 88' lang='lat' dir='ltr'><strong>pedum</strong></span> <span class='ocrx_word' id='word_1_40' title='bbox 864 703 1196 760; x_wconf 82' lang='lat' dir='ltr'><strong>longitudinem</strong></span> <span class='ocrx_word' id='word_1_41' title='bbox 1226 704 1320 750; x_wconf 89' lang='lat' dir='ltr'><strong>fere</strong></span> <span class='ocrx_word' id='word_1_42' title='bbox 1352 708 1570 764; x_wconf 68' lang='lat' dir='ltr'><strong>aequalem</strong></span> <span class='ocrx_word' id='word_1_43' title='bbox 1598 707 1782 763; x_wconf 83' lang='lat' dir='ltr'><strong>inveni,</strong></span> <span class='ocrx_word' id='word_1_44' title='bbox 1819 703 1911 768; x_wconf 82' lang='lat' dir='ltr'><strong>(de</strong></span> 
     </span>
     <span class='ocr_line' id='line_1_8' title="bbox 500 768 1904 833; baseline 0.001 -19"><span class='ocrx_word' id='word_1_45' title='bbox 500 768 629 814; x_wconf 87' lang='lat' dir='ltr'><strong>lineis</strong></span> <span class='ocrx_word' id='word_1_46' title='bbox 655 769 877 826; x_wconf 88' lang='lat' dir='ltr'><strong>pollicum</strong></span> <span class='ocrx_word' id='word_1_47' title='bbox 913 779 1059 816; x_wconf 88' lang='lat' dir='ltr'><strong>tamen</strong></span> <span class='ocrx_word' id='word_1_48' title='bbox 1088 783 1180 816; x_wconf 92' lang='lat' dir='ltr'><strong>non</strong></span> <span class='ocrx_word' id='word_1_49' title='bbox 1210 783 1359 825; x_wconf 81' lang='lat' dir='ltr'><strong>certus</strong></span> <span class='ocrx_word' id='word_1_50' title='bbox 1402 769 1526 833; x_wconf 78' lang='lat' dir='ltr'><strong>sum)</strong></span> <span class='ocrx_word' id='word_1_51' title='bbox 1562 786 1662 830; x_wconf 83' lang='lat' dir='ltr'><strong>quae</strong></span> <span class='ocrx_word' id='word_1_52' title='bbox 1699 771 1904 818; x_wconf 85' lang='lat' dir='ltr'><strong>mensura</strong></span> 
     </span>
     <span class='ocr_line' id='line_1_9' title="bbox 499 833 1913 895; baseline 0 -15"><span class='ocrx_word' id='word_1_53' title='bbox 499 833 599 880; x_wconf 84' lang='lat' dir='ltr'><strong>satis</strong></span> <span class='ocrx_word' id='word_1_54' title='bbox 622 834 841 883; x_wconf 70' lang='lat' dir='ltr'><strong>¹convenit</strong></span> <span class='ocrx_word' id='word_1_55' title='bbox 867 847 973 880; x_wconf 89' lang='lat' dir='ltr'><strong>cum</strong></span> <span class='ocrx_word' id='word_1_56' title='bbox 1000 837 1075 881; x_wconf 88' lang='lat' dir='ltr'><strong>illa</strong></span> <span class='ocrx_word' id='word_1_57' title='bbox 1121 850 1255 895; x_wconf 88' lang='lat' dir='ltr'><strong>quam</strong></span> <span class='ocrx_word' id='word_1_58' title='bbox 1296 834 1421 882; x_wconf 87' lang='lat' dir='ltr'><strong>dedit</strong></span> <span class='ocrx_word' id='word_1_59' title='bbox 1457 837 1525 882; x_wconf 88' lang='lat' dir='ltr'><strong>vir</strong></span> <span class='ocrx_word' id='word_1_60' title='bbox 1553 835 1742 884; x_wconf 61' lang='lat' dir='ltr'><strong>Doctiff.</strong></span> <span class='ocrx_word' id='word_1_61' title='bbox 1777 837 1913 883; x_wconf 81' lang='lat' dir='ltr'>ONY-</span> 
     </span>
     <span class='ocr_line' id='line_1_10' title="bbox 502 899 1917 961; baseline -0.001 -15"><span class='ocrx_word' id='word_1_62' title='bbox 502 911 599 946; x_wconf 74' lang='lat' dir='ltr'><strong>Mos</strong></span> <span class='ocrx_word' id='word_1_63' title='bbox 618 899 784 958; x_wconf 78' lang='lat' dir='ltr'><strong>‚utqui</strong></span> <span class='ocrx_word' id='word_1_64' title='bbox 808 900 979 945; x_wconf 85' lang='lat' dir='ltr'><strong>invenit</strong></span> <span class='ocrx_word' id='word_1_65' title='bbox 995 900 1327 961; x_wconf 79' lang='lat' dir='ltr'><strong>longitudinem</strong></span> <span class='ocrx_word' id='word_1_66' title='bbox 1343 901 1473 961; x_wconf 84' lang='lat' dir='ltr'><strong>pedis</strong></span> <span class='ocrx_word' id='word_1_67' title='bbox 1500 902 1733 948; x_wconf 88' lang='lat' dir='ltr'><strong>anterioris</strong></span> <span class='ocrx_word' id='word_1_68' title='bbox 1756 903 1917 961; x_wconf 87' lang='lat' dir='ltr'><strong>aplan-</strong></span> 
     </span>
     <span class='ocr_line' id='line_1_11' title="bbox 501 963 1915 1026; baseline 0.002 -17"><span class='ocrx_word' id='word_1_69' title='bbox 501 976 544 1009; x_wconf 88' lang='lat' dir='ltr'><strong>ta</strong></span> <span class='ocrx_word' id='word_1_70' title='bbox 576 963 705 1022; x_wconf 87' lang='lat' dir='ltr'><strong>pedis</strong></span> <span class='ocrx_word' id='word_1_71' title='bbox 750 964 803 1009; x_wconf 85' lang='lat' dir='ltr'><strong>ad</strong></span> <span class='ocrx_word' id='word_1_72' title='bbox 832 964 1054 1012; x_wconf 85' lang='lat' dir='ltr'><strong>cubitum.</strong></span> <span class='ocrx_word' id='word_1_73' title='bbox 1089 978 1134 1024; x_wconf 82' lang='grc'><strong>3.</strong></span> <span class='ocrx_word' id='word_1_74' title='bbox 1168 967 1244 1026; x_wconf 85' lang='lat' dir='ltr'><strong>pd.</strong></span> <span class='ocrx_word' id='word_1_75' title='bbox 1280 964 1343 1022; x_wconf 62' lang='lat'><strong>2².-</strong></span> <span class='ocrx_word' id='word_1_76' title='bbox 1377 963 1462 1024; x_wconf 76' lang='lat' dir='ltr'><strong>3ss.</strong></span> <span class='ocrx_word' id='word_1_77' title='bbox 1497 980 1522 1011; x_wconf 84' lang='lat' dir='ltr'><strong>a</strong></span> <span class='ocrx_word' id='word_1_78' title='bbox 1549 969 1710 1021; x_wconf 78' lang='lat' dir='ltr'><strong>cubitu</strong></span> <span class='ocrx_word' id='word_1_79' title='bbox 1734 967 1788 1012; x_wconf 91' lang='lat' dir='ltr'><strong>ad</strong></span> <span class='ocrx_word' id='word_1_80' title='bbox 1824 967 1915 1012; x_wconf 85' lang='lat' dir='ltr'><strong>sca-</strong></span> 
     </span>
     <span class='ocr_line' id='line_1_12' title="bbox 500 1026 1916 1092; baseline 0.004 -18"><span class='ocrx_word' id='word_1_81' title='bbox 500 1032 653 1089; x_wconf 87' lang='lat' dir='ltr'><strong>pulam</strong></span> <span class='ocrx_word' id='word_1_82' title='bbox 691 1044 747 1081; x_wconf 69' lang='lat' dir='ltr'><strong>ap</strong></span> <span class='ocrx_word' id='word_1_83' title='bbox 798 1028 847 1090; x_wconf 77' lang='lat'><strong>7‘</strong></span> <span class='ocrx_word' id='word_1_84' title='bbox 879 1026 948 1087; x_wconf 63' lang='lat'><strong>3²²</strong></span> <span class='ocrx_word' id='word_1_85' title='bbox 994 1032 1147 1090; x_wconf 89' lang='lat' dir='ltr'><strong>itaque</strong></span> <span class='ocrx_word' id='word_1_86' title='bbox 1186 1045 1327 1078; x_wconf 86' lang='lat' dir='ltr'><strong>totam</strong></span> <span class='ocrx_word' id='word_1_87' title='bbox 1370 1031 1703 1090; x_wconf 80' lang='lat' dir='ltr'><strong>longitudinem</strong></span> <span class='ocrx_word' id='word_1_88' title='bbox 1737 1045 1813 1092; x_wconf 84' lang='lat' dir='ltr'><strong>5p.</strong></span> <span class='ocrx_word' id='word_1_89' title='bbox 1845 1028 1916 1091; x_wconf 78' lang='lat'><strong>9&#39;.</strong></span> 
     </span>
     <span class='ocr_line' id='line_1_13' title="bbox 498 1090 1915 1159; baseline 0.004 -17"><span class='ocrx_word' id='word_1_90' title='bbox 498 1090 587 1142; x_wconf 61' lang='lat'><strong>61‘.</strong></span> <span class='ocrx_word' id='word_1_91' title='bbox 622 1096 756 1142; x_wconf 86' lang='lat' dir='ltr'><strong>Pedis</strong></span> <span class='ocrx_word' id='word_1_92' title='bbox 794 1097 1053 1154; x_wconf 84' lang='lat' dir='ltr'><strong>posterioris</strong></span> <span class='ocrx_word' id='word_1_93' title='bbox 1098 1096 1432 1155; x_wconf 86' lang='lat' dir='ltr'><strong>longitudinem</strong></span> <span class='ocrx_word' id='word_1_94' title='bbox 1467 1096 1581 1141; x_wconf 86' lang='lat' dir='ltr'><strong>vidit</strong></span> <span class='ocrx_word' id='word_1_95' title='bbox 1610 1111 1631 1142; x_wconf 85' lang='lat' dir='ltr'><strong>a</strong></span> <span class='ocrx_word' id='word_1_96' title='bbox 1664 1100 1811 1155; x_wconf 89' lang='lat' dir='ltr'><strong>planta</strong></span> <span class='ocrx_word' id='word_1_97' title='bbox 1836 1112 1915 1159; x_wconf 88' lang='lat' dir='ltr'><strong>pc-</strong></span> 
     </span>
     <span class='ocr_line' id='line_1_14' title="bbox 501 1159 1915 1221; baseline 0.001 -16"><span class='ocrx_word' id='word_1_98' title='bbox 501 1160 570 1205; x_wconf 83' lang='lat' dir='ltr'><strong>dis</strong></span> <span class='ocrx_word' id='word_1_99' title='bbox 615 1160 671 1206; x_wconf 87' lang='lat' dir='ltr'><strong>ad</strong></span> <span class='ocrx_word' id='word_1_100' title='bbox 707 1173 828 1221; x_wconf 88' lang='lat' dir='ltr'><strong>genu</strong></span> <span class='ocrx_word' id='word_1_101' title='bbox 871 1175 943 1212; x_wconf 73' lang='lat'><strong>212.</strong></span> <span class='ocrx_word' id='word_1_102' title='bbox 985 1177 1057 1209; x_wconf 89' lang='lat'><strong>10.</strong></span> <span class='ocrx_word' id='word_1_103' title='bbox 1091 1174 1137 1219; x_wconf 85' lang='lat'><strong>3.</strong></span> <span class='ocrx_word' id='word_1_104' title='bbox 1174 1160 1223 1209; x_wconf 86' lang='lat'>&amp;</span> <span class='ocrx_word' id='word_1_105' title='bbox 1265 1176 1289 1207; x_wconf 86' lang='lat' dir='ltr'><strong>a</strong></span> <span class='ocrx_word' id='word_1_106' title='bbox 1315 1175 1435 1220; x_wconf 82' lang='lat' dir='ltr'><strong>genu</strong></span> <span class='ocrx_word' id='word_1_107' title='bbox 1466 1161 1522 1206; x_wconf 89' lang='lat' dir='ltr'><strong>ad</strong></span> <span class='ocrx_word' id='word_1_108' title='bbox 1550 1161 1790 1207; x_wconf 85' lang='lat' dir='ltr'><strong>cavitatem</strong></span> <span class='ocrx_word' id='word_1_109' title='bbox 1812 1159 1915 1206; x_wconf 84' lang='lat' dir='ltr'><strong>ollis</strong></span> 
     </span>
     <span class='ocr_line' id='line_1_15' title="bbox 502 1225 1913 1286; baseline 0 -14"><span class='ocrx_word' id='word_1_110' title='bbox 502 1226 574 1272; x_wconf 90' lang='lat' dir='ltr'><strong>Ilii</strong></span> <span class='ocrx_word' id='word_1_111' title='bbox 612 1240 655 1273; x_wconf 82' lang='lat'><strong>2.</strong></span> <span class='ocrx_word' id='word_1_112' title='bbox 695 1239 768 1274; x_wconf 86' lang='lat'><strong>11.</strong></span> <span class='ocrx_word' id='word_1_113' title='bbox 805 1240 849 1284; x_wconf 84' lang='lat'><strong>3.</strong></span> <span class='ocrx_word' id='word_1_114' title='bbox 884 1228 1035 1285; x_wconf 88' lang='lat' dir='ltr'><strong>itaque</strong></span> <span class='ocrx_word' id='word_1_115' title='bbox 1064 1225 1111 1275; x_wconf 82' lang='lat'>&amp;</span> <span class='ocrx_word' id='word_1_116' title='bbox 1135 1238 1210 1284; x_wconf 75' lang='lat'><strong>512.</strong></span> <span class='ocrx_word' id='word_1_117' title='bbox 1244 1241 1290 1286; x_wconf 89' lang='lat'><strong>9.</strong></span> <span class='ocrx_word' id='word_1_118' title='bbox 1325 1228 1371 1275; x_wconf 91' lang='lat'><strong>6.</strong></span> <span class='ocrx_word' id='word_1_119' title='bbox 1405 1229 1563 1274; x_wconf 59' lang='lat' dir='ltr'><strong>exarte</strong></span> <span class='ocrx_word' id='word_1_120' title='bbox 1587 1228 1782 1286; x_wconf 83' lang='lat' dir='ltr'><strong>aequales</strong></span> <span class='ocrx_word' id='word_1_121' title='bbox 1803 1238 1913 1284; x_wconf 89' lang='lat' dir='ltr'><strong>ergo</strong></span> 
     </span>
     <span class='ocr_line' id='line_1_16' title="bbox 498 1290 1915 1354; baseline 0.002 -19"><span class='ocrx_word' id='word_1_122' title='bbox 498 1290 668 1349; x_wconf 88' lang='lat' dir='ltr'><strong>pedum</strong></span> <span class='ocrx_word' id='word_1_123' title='bbox 719 1293 1027 1350; x_wconf 80' lang='lat' dir='ltr'><strong>longitudines</strong></span> <span class='ocrx_word' id='word_1_124' title='bbox 1075 1290 1214 1354; x_wconf 77' lang='lat' dir='ltr'><strong>(vid.</strong></span> <span class='ocrx_word' id='word_1_125' title='bbox 1270 1293 1420 1338; x_wconf 62' lang='lat' dir='ltr'><strong>Burs.</strong></span> <span class='ocrx_word' id='word_1_126' title='bbox 1469 1306 1568 1339; x_wconf 75' lang='lat' dir='ltr'><strong>xm.</strong></span> <span class='ocrx_word' id='word_1_127' title='bbox 1604 1307 1651 1351; x_wconf 90' lang='lat' dir='ltr'><strong>p.</strong></span> <span class='ocrx_word' id='word_1_128' title='bbox 1687 1306 1761 1338; x_wconf 79' lang='lat'><strong>22.</strong></span> <span class='ocrx_word' id='word_1_129' title='bbox 1797 1291 1915 1338; x_wconf 86' lang='lat' dir='ltr'><strong>vers.</strong></span> 
     </span>
     <span class='ocr_line' id='line_1_17' title="bbox 497 1353 1913 1418; baseline -0.001 -16"><span class='ocrx_word' id='word_1_130' title='bbox 497 1353 652 1418; x_wconf 83' lang='lat' dir='ltr'><strong>belg.)</strong></span> <span class='ocrx_word' id='word_1_131' title='bbox 687 1357 931 1415; x_wconf 83' lang='lat' dir='ltr'><strong>obliquitas</strong></span> <span class='ocrx_word' id='word_1_132' title='bbox 959 1355 1076 1404; x_wconf 81' lang='lat' dir='ltr'><strong>dorsl</strong></span> <span class='ocrx_word' id='word_1_133' title='bbox 1108 1371 1217 1416; x_wconf 87' lang='lat' dir='ltr'><strong>ergo</strong></span> <span class='ocrx_word' id='word_1_134' title='bbox 1247 1371 1338 1403; x_wconf 87' lang='lat' dir='ltr'><strong>non</strong></span> <span class='ocrx_word' id='word_1_135' title='bbox 1375 1372 1399 1402; x_wconf 85' lang='lat' dir='ltr'><strong>a</strong></span> <span class='ocrx_word' id='word_1_136' title='bbox 1427 1358 1714 1416; x_wconf 85' lang='lat' dir='ltr'><strong>longitudine</strong></span> <span class='ocrx_word' id='word_1_137' title='bbox 1741 1357 1913 1416; x_wconf 78' lang='lat' dir='ltr'><strong>pedum</strong></span> 
     </span>
     <span class='ocr_line' id='line_1_18' title="bbox 497 1420 1917 1481; baseline -0.001 -14"><span class='ocrx_word' id='word_1_138' title='bbox 497 1420 766 1478; x_wconf 86' lang='lat' dir='ltr'><strong>dependet,</strong></span> <span class='ocrx_word' id='word_1_139' title='bbox 810 1421 884 1467; x_wconf 87' lang='lat' dir='ltr'><strong>sed</strong></span> <span class='ocrx_word' id='word_1_140' title='bbox 925 1425 980 1469; x_wconf 88' lang='lat' dir='ltr'><strong>ab</strong></span> <span class='ocrx_word' id='word_1_141' title='bbox 1020 1423 1292 1481; x_wconf 86' lang='lat' dir='ltr'><strong>obliquitate</strong></span> <span class='ocrx_word' id='word_1_142' title='bbox 1337 1422 1530 1468; x_wconf 87' lang='lat' dir='ltr'><strong>tendinis</strong></span> <span class='ocrx_word' id='word_1_143' title='bbox 1578 1424 1765 1470; x_wconf 86' lang='lat' dir='ltr'><strong>nomine</strong></span> <span class='ocrx_word' id='word_1_144' title='bbox 1807 1421 1917 1480; x_wconf 85' lang='lat' dir='ltr'><strong>liga-</strong></span> 
     </span>
     <span class='ocr_line' id='line_1_19' title="bbox 497 1486 1914 1547; baseline 0.001 -16"><span class='ocrx_word' id='word_1_145' title='bbox 497 1486 637 1531; x_wconf 87' lang='lat' dir='ltr'><strong>menti</strong></span> <span class='ocrx_word' id='word_1_146' title='bbox 686 1487 807 1543; x_wconf 83' lang='lat' dir='ltr'><strong>albi,</strong></span> <span class='ocrx_word' id='word_1_147' title='bbox 842 1488 920 1545; x_wconf 81' lang='lat' dir='ltr'><strong>qui</strong></span> <span class='ocrx_word' id='word_1_148' title='bbox 960 1489 1013 1534; x_wconf 89' lang='lat' dir='ltr'><strong>ab</strong></span> <span class='ocrx_word' id='word_1_149' title='bbox 1041 1488 1245 1535; x_wconf 84' lang='lat' dir='ltr'><strong>vertebra</strong></span> <span class='ocrx_word' id='word_1_150' title='bbox 1274 1501 1346 1547; x_wconf 83' lang='lat'><strong>14.</strong></span> <span class='ocrx_word' id='word_1_151' title='bbox 1382 1502 1406 1533; x_wconf 87' lang='lat' dir='ltr'><strong>a</strong></span> <span class='ocrx_word' id='word_1_152' title='bbox 1431 1487 1620 1544; x_wconf 83' lang='lat' dir='ltr'><strong>dors-ali,</strong></span> <span class='ocrx_word' id='word_1_153' title='bbox 1655 1486 1711 1533; x_wconf 90' lang='lat' dir='ltr'><strong>ad</strong></span> <span class='ocrx_word' id='word_1_154' title='bbox 1744 1486 1914 1532; x_wconf 78' lang='lat' dir='ltr'><strong>sextam</strong></span> 
     </span>
     <span class='ocr_line' id='line_1_20' title="bbox 497 1551 1913 1607; baseline -0.001 -10"><span class='ocrx_word' id='word_1_155' title='bbox 497 1552 766 1597; x_wconf 84' lang='lat' dir='ltr'><strong>cervicalem</strong></span> <span class='ocrx_word' id='word_1_156' title='bbox 788 1552 1048 1607; x_wconf 83' lang='lat' dir='ltr'><strong>adscendit,</strong></span> <span class='ocrx_word' id='word_1_157' title='bbox 1084 1552 1159 1602; x_wconf 79' lang='lat' dir='ltr'><strong>sed</strong></span> <span class='ocrx_word' id='word_1_158' title='bbox 1192 1554 1289 1598; x_wconf 85' lang='lat' dir='ltr'><strong>haec</strong></span> <span class='ocrx_word' id='word_1_159' title='bbox 1314 1552 1455 1601; x_wconf 81' lang='lat' dir='ltr'><strong>fufius</strong></span> <span class='ocrx_word' id='word_1_160' title='bbox 1486 1551 1535 1600; x_wconf 84' lang='lat'>&amp;</span> <span class='ocrx_word' id='word_1_161' title='bbox 1573 1552 1827 1603; x_wconf 81' lang='lat' dir='ltr'><strong>accuratius</strong></span> <span class='ocrx_word' id='word_1_162' title='bbox 1866 1551 1913 1596; x_wconf 91' lang='lat' dir='ltr'><strong>in</strong></span> 
     </span>
     <span class='ocr_line' id='line_1_21' title="bbox 495 1616 1913 1677; baseline 0.001 -17"><span class='ocrx_word' id='word_1_163' title='bbox 495 1616 766 1662; x_wconf 73' lang='lat' dir='ltr'><strong>VosMAssRn</strong></span> <span class='ocrx_word' id='word_1_164' title='bbox 803 1618 1130 1677; x_wconf 78' lang='lat' dir='ltr'><strong>monograpliia</strong></span> <span class='ocrx_word' id='word_1_165' title='bbox 1167 1618 1475 1677; x_wconf 84' lang='lat' dir='ltr'><strong>apparebunt,</strong></span> <span class='ocrx_word' id='word_1_166' title='bbox 1511 1631 1683 1665; x_wconf 86' lang='lat' dir='ltr'><strong>cornua</strong></span> <span class='ocrx_word' id='word_1_167' title='bbox 1710 1617 1840 1662; x_wconf 86' lang='lat' dir='ltr'><strong>maris</strong></span> <span class='ocrx_word' id='word_1_168' title='bbox 1864 1617 1913 1661; x_wconf 90' lang='lat' dir='ltr'><strong>in</strong></span> 
     </span>
     <span class='ocr_line' id='line_1_22' title="bbox 495 1682 1911 1740; baseline 0.002 -15"><span class='ocrx_word' id='word_1_169' title='bbox 495 1683 644 1729; x_wconf 88' lang='lat' dir='ltr'><strong>tabula</strong></span> <span class='ocrx_word' id='word_1_170' title='bbox 671 1683 909 1730; x_wconf 76' lang='lat' dir='ltr'><strong>BUFFoNu</strong></span> <span class='ocrx_word' id='word_1_171' title='bbox 946 1698 1044 1732; x_wconf 77' lang='lat' dir='ltr'><strong>xiii.</strong></span> <span class='ocrx_word' id='word_1_172' title='bbox 1078 1686 1167 1730; x_wconf 89' lang='lat' dir='ltr'><strong>tab.</strong></span> <span class='ocrx_word' id='word_1_173' title='bbox 1210 1696 1282 1740; x_wconf 80' lang='lat'><strong>13.</strong></span> <span class='ocrx_word' id='word_1_174' title='bbox 1317 1686 1506 1738; x_wconf 58' lang='lat' dir='ltr'><strong>exerere,</strong></span> <span class='ocrx_word' id='word_1_175' title='bbox 1553 1683 1628 1729; x_wconf 85' lang='lat' dir='ltr'><strong>sed</strong></span> <span class='ocrx_word' id='word_1_176' title='bbox 1654 1697 1705 1729; x_wconf 89' lang='lat' dir='ltr'><strong>ea</strong></span> <span class='ocrx_word' id='word_1_177' title='bbox 1747 1682 1911 1728; x_wconf 78' lang='lat' dir='ltr'><strong>tabulae</strong></span> 
     </span>
     <span class='ocr_line' id='line_1_23' title="bbox 497 1746 1881 1808; baseline 0.002 -18"><span class='ocrx_word' id='word_1_178' title='bbox 497 1746 535 1792; x_wconf 86' lang='lat' dir='ltr'><strong>f.</strong></span> <span class='ocrx_word' id='word_1_179' title='bbox 570 1760 641 1807; x_wconf 82' lang='lat'><strong>14.</strong></span> <span class='ocrx_word' id='word_1_180' title='bbox 676 1751 803 1793; x_wconf 86' lang='lat' dir='ltr'><strong>mala.</strong></span> <span class='ocrx_word' id='word_1_181' title='bbox 845 1750 978 1794; x_wconf 90' lang='lat' dir='ltr'><strong>Cutis</strong></span> <span class='ocrx_word' id='word_1_182' title='bbox 1009 1750 1053 1793; x_wconf 89' lang='lat' dir='ltr'><strong>in</strong></span> <span class='ocrx_word' id='word_1_183' title='bbox 1083 1751 1179 1795; x_wconf 89' lang='lat' dir='ltr'><strong>aliis</strong></span> <span class='ocrx_word' id='word_1_184' title='bbox 1209 1749 1483 1808; x_wconf 82' lang='lat' dir='ltr'><strong>profundius</strong></span> <span class='ocrx_word' id='word_1_185' title='bbox 1508 1748 1642 1796; x_wconf 75' lang='lat' dir='ltr'><strong>fuscae</strong></span> <span class='ocrx_word' id='word_1_186' title='bbox 1674 1750 1881 1794; x_wconf 79' lang='lat' dir='ltr'><strong>maculae.</strong></span> 
     </span>
    </p>
   </div>
   <div class='ocr_carea' id='block_1_4' title="bbox 397 1810 1894 1872">
    <p class='ocr_par' dir='ltr' id='par_1_4' title="bbox 397 1810 1894 1872">
     <span class='ocr_line' id='line_1_24' title="bbox 397 1810 1894 1872; baseline -0.003 -13"><span class='ocrx_word' id='word_1_187' title='bbox 397 1810 552 1869; x_wconf 80' lang='lat' dir='ltr'><strong>Major</strong></span> <span class='ocrx_word' id='word_1_188' title='bbox 579 1825 688 1868; x_wconf 80' lang='lat' dir='ltr'><strong>ergo</strong></span> <span class='ocrx_word' id='word_1_189' title='bbox 711 1814 902 1858; x_wconf 59' lang='lat' dir='ltr'><strong>Cameli)</strong></span> <span class='ocrx_word' id='word_1_190' title='bbox 921 1847 934 1867; x_wconf 85' lang='lat'>‚</span> <span class='ocrx_word' id='word_1_191' title='bbox 971 1813 1132 1859; x_wconf 74' lang='lat' dir='ltr'><strong>medice</strong></span> <span class='ocrx_word' id='word_1_192' title='bbox 1159 1812 1479 1869; x_wconf 86' lang='lat' dir='ltr'><strong>magnitudinis</strong></span> <span class='ocrx_word' id='word_1_193' title='bbox 1497 1847 1510 1867; x_wconf 83' lang='lat'><strong>‚</strong></span> <span class='ocrx_word' id='word_1_194' title='bbox 1546 1828 1680 1872; x_wconf 86' lang='lat' dir='ltr'><strong>quam</strong></span> <span class='ocrx_word' id='word_1_195' title='bbox 1719 1810 1894 1858; x_wconf 85' lang='lat' dir='ltr'><strong>altitudi</strong></span> 
     </span>
    </p>
   </div>
   <div class='ocr_carea' id='block_1_5' title="bbox 491 1875 1917 2507">
    <p class='ocr_par' dir='ltr' id='par_1_5' title="bbox 491 1875 1917 2507">
     <span class='ocr_line' id='line_1_25' title="bbox 495 1875 1917 1938; baseline 0 -17"><span class='ocrx_word' id='word_1_196' title='bbox 495 1890 597 1922; x_wconf 89' lang='lat' dir='ltr'><strong>nem</strong></span> <span class='ocrx_word' id='word_1_197' title='bbox 644 1877 682 1921; x_wconf 90' lang='lat' dir='ltr'><strong>ei</strong></span> <span class='ocrx_word' id='word_1_198' title='bbox 731 1876 952 1923; x_wconf 88' lang='lat' dir='ltr'><strong>dederunt</strong></span> <span class='ocrx_word' id='word_1_199' title='bbox 993 1877 1177 1924; x_wconf 69' lang='lat' dir='ltr'><strong>Doetiff.</strong></span> <span class='ocrx_word' id='word_1_200' title='bbox 1216 1877 1373 1923; x_wconf 60' lang='lat' dir='ltr'><strong>Lessa</strong></span> <span class='ocrx_word' id='word_1_201' title='bbox 1412 1877 1657 1938; x_wconf 69' lang='lat' dir='ltr'><strong>mrfhnsgr.</strong></span> <span class='ocrx_word' id='word_1_202' title='bbox 1688 1877 1769 1922; x_wconf 77' lang='lat' dir='ltr'><strong>der</strong></span> <span class='ocrx_word' id='word_1_203' title='bbox 1812 1875 1917 1923; x_wconf 75' lang='lat' dir='ltr'><strong>Na-</strong></span> 
     </span>
     <span class='ocr_line' id='line_1_26' title="bbox 495 1938 1915 2002; baseline 0.001 -16"><span class='ocrx_word' id='word_1_204' title='bbox 495 1938 726 2000; x_wconf 59' lang='lat' dir='ltr'><strong>tat-gasclt.</strong></span> <span class='ocrx_word' id='word_1_205' title='bbox 775 1956 807 1987; x_wconf 92' lang='lat'><strong>1.</strong></span> <span class='ocrx_word' id='word_1_206' title='bbox 851 1957 898 2000; x_wconf 90' lang='lat' dir='ltr'><strong>p.</strong></span> <span class='ocrx_word' id='word_1_207' title='bbox 940 1944 1043 2002; x_wconf 80' lang='lat'><strong>178.</strong></span> <span class='ocrx_word' id='word_1_208' title='bbox 1091 1942 1140 1989; x_wconf 66' lang='grc' dir='ltr'><strong>δι·</strong></span> <span class='ocrx_word' id='word_1_209' title='bbox 1176 1943 1442 1988; x_wconf 71' lang='lat' dir='ltr'>ERXLEBEN</span> <span class='ocrx_word' id='word_1_210' title='bbox 1480 1957 1527 2000; x_wconf 87' lang='lat' dir='ltr'><strong>p.</strong></span> <span class='ocrx_word' id='word_1_211' title='bbox 1565 1944 1671 1999; x_wconf 81' lang='lat'><strong>296.</strong></span> <span class='ocrx_word' id='word_1_212' title='bbox 1707 1943 1915 1998; x_wconf 78' lang='lat' dir='ltr'><strong>quavas</strong></span> 
     </span>
     <span class='ocr_line' id='line_1_27' title="bbox 494 2004 1913 2067; baseline 0.001 -16"><span class='ocrx_word' id='word_1_213' title='bbox 494 2020 544 2065; x_wconf 88' lang='lat' dir='ltr'><strong>p.</strong></span> <span class='ocrx_word' id='word_1_214' title='bbox 580 2019 685 2065; x_wconf 78' lang='lat'><strong>297.</strong></span> <span class='ocrx_word' id='word_1_215' title='bbox 721 2019 826 2052; x_wconf 92' lang='lat' dir='ltr'><strong>eum</strong></span> <span class='ocrx_word' id='word_1_216' title='bbox 866 2020 938 2067; x_wconf 91' lang='lat'><strong>17.</strong></span> <span class='ocrx_word' id='word_1_217' title='bbox 972 2004 1142 2065; x_wconf 84' lang='lat' dir='ltr'><strong>pedum</strong></span> <span class='ocrx_word' id='word_1_218' title='bbox 1185 2007 1333 2052; x_wconf 88' lang='lat' dir='ltr'><strong>antice</strong></span> <span class='ocrx_word' id='word_1_219' title='bbox 1378 2004 1428 2054; x_wconf 88' lang='lat'>&amp;</span> <span class='ocrx_word' id='word_1_220' title='bbox 1471 2020 1519 2064; x_wconf 92' lang='lat'><strong>9.</strong></span> <span class='ocrx_word' id='word_1_221' title='bbox 1562 2006 1738 2065; x_wconf 88' lang='lat' dir='ltr'><strong>postice</strong></span> <span class='ocrx_word' id='word_1_222' title='bbox 1773 2009 1913 2052; x_wconf 88' lang='lat' dir='ltr'><strong>altum</strong></span> 
     </span>
     <span class='ocr_line' id='line_1_28' title="bbox 492 2070 1914 2131; baseline 0 -16"><span class='ocrx_word' id='word_1_223' title='bbox 492 2071 754 2131; x_wconf 85' lang='lat' dir='ltr'><strong>perhibeat,</strong></span> <span class='ocrx_word' id='word_1_224' title='bbox 801 2075 934 2118; x_wconf 90' lang='lat' dir='ltr'><strong>color</strong></span> <span class='ocrx_word' id='word_1_225' title='bbox 969 2086 1055 2118; x_wconf 89' lang='lat' dir='ltr'><strong>nec</strong></span> <span class='ocrx_word' id='word_1_226' title='bbox 1101 2071 1325 2130; x_wconf 84' lang='lat' dir='ltr'><strong>nigricans</strong></span> <span class='ocrx_word' id='word_1_227' title='bbox 1351 2105 1365 2126; x_wconf 83' lang='lat'>‚</span> <span class='ocrx_word' id='word_1_228' title='bbox 1418 2073 1610 2122; x_wconf 84' lang='lat' dir='ltr'><strong>maculis·</strong></span> <span class='ocrx_word' id='word_1_229' title='bbox 1644 2071 1747 2117; x_wconf 86' lang='lat' dir='ltr'><strong>ruso</strong></span> <span class='ocrx_word' id='word_1_230' title='bbox 1777 2070 1914 2117; x_wconf 81' lang='lat' dir='ltr'><strong>fuscis</strong></span> 
     </span>
     <span class='ocr_line' id='line_1_29' title="bbox 493 2135 1917 2195; baseline 0.001 -14"><span class='ocrx_word' id='word_1_231' title='bbox 493 2148 545 2181; x_wconf 91' lang='lat' dir='ltr'><strong>ut</strong></span> <span class='ocrx_word' id='word_1_232' title='bbox 576 2135 693 2182; x_wconf 80' lang='lat' dir='ltr'><strong>dixit</strong></span> <span class='ocrx_word' id='word_1_233' title='bbox 718 2139 776 2183; x_wconf 91' lang='lat' dir='ltr'><strong>cl.</strong></span> <span class='ocrx_word' id='word_1_234' title='bbox 801 2137 985 2192; x_wconf 60' lang='lat' dir='ltr'><strong>Lissus,</strong></span> <span class='ocrx_word' id='word_1_235' title='bbox 1020 2151 1107 2183; x_wconf 90' lang='lat' dir='ltr'><strong>nec</strong></span> <span class='ocrx_word' id='word_1_236' title='bbox 1130 2138 1382 2195; x_wconf 82' lang='lat' dir='ltr'><strong>variegatus</strong></span> <span class='ocrx_word' id='word_1_237' title='bbox 1406 2138 1594 2183; x_wconf 87' lang='lat' dir='ltr'><strong>maculis</strong></span> <span class='ocrx_word' id='word_1_238' title='bbox 1621 2135 1755 2182; x_wconf 86' lang='lat' dir='ltr'><strong>fuscis</strong></span> <span class='ocrx_word' id='word_1_239' title='bbox 1777 2136 1917 2182; x_wconf 88' lang='lat' dir='ltr'><strong>ferru-</strong></span> 
     </span>
     <span class='ocr_line' id='line_1_30' title="bbox 491 2198 1911 2265; baseline 0 -19"><span class='ocrx_word' id='word_1_240' title='bbox 491 2202 732 2259; x_wconf 82' lang='lat' dir='ltr'><strong>gineisque</strong></span> <span class='ocrx_word' id='word_1_241' title='bbox 762 2214 811 2249; x_wconf 91' lang='lat' dir='ltr'><strong>ut</strong></span> <span class='ocrx_word' id='word_1_242' title='bbox 837 2203 984 2251; x_wconf 86' lang='lat' dir='ltr'><strong>voluit</strong></span> <span class='ocrx_word' id='word_1_243' title='bbox 1013 2205 1072 2249; x_wconf 92' lang='lat' dir='ltr'><strong>cl.</strong></span> <span class='ocrx_word' id='word_1_244' title='bbox 1106 2203 1405 2257; x_wconf 62' lang='lat' dir='ltr'><strong>Eumenem,</strong></span> <span class='ocrx_word' id='word_1_245' title='bbox 1440 2215 1610 2249; x_wconf 89' lang='lat' dir='ltr'><strong>cornua</strong></span> <span class='ocrx_word' id='word_1_246' title='bbox 1633 2198 1843 2265; x_wconf 65' lang='lat' dir='ltr'><strong>{femina}</strong></span> <span class='ocrx_word' id='word_1_247' title='bbox 1857 2199 1911 2262; x_wconf 67' lang='grc' dir='ltr'><strong>ἓ)</strong></span> 
     </span>
     <span class='ocr_line' id='line_1_31' title="bbox 493 2266 1912 2326; baseline 0.002 -17"><span class='ocrx_word' id='word_1_248' title='bbox 493 2267 738 2323; x_wconf 84' lang='lat' dir='ltr'><strong>aliquando</strong></span> <span class='ocrx_word' id='word_1_249' title='bbox 767 2268 914 2314; x_wconf 87' lang='lat' dir='ltr'><strong>minus</strong></span> <span class='ocrx_word' id='word_1_250' title='bbox 941 2268 1101 2319; x_wconf 74' lang='lat' dir='ltr'><strong>crassa,</strong></span> <span class='ocrx_word' id='word_1_251' title='bbox 1139 2281 1186 2313; x_wconf 92' lang='lat' dir='ltr'><strong>ut</strong></span> <span class='ocrx_word' id='word_1_252' title='bbox 1221 2267 1315 2312; x_wconf 89' lang='lat' dir='ltr'><strong>vidi</strong></span> <span class='ocrx_word' id='word_1_253' title='bbox 1351 2268 1393 2313; x_wconf 87' lang='lat' dir='ltr'><strong>in</strong></span> <span class='ocrx_word' id='word_1_254' title='bbox 1431 2269 1552 2326; x_wconf 86' lang='lat' dir='ltr'><strong>pelle</strong></span> <span class='ocrx_word' id='word_1_255' title='bbox 1584 2266 1633 2314; x_wconf 65' lang='grc' dir='ltr'><strong>δε</strong></span> <span class='ocrx_word' id='word_1_256' title='bbox 1681 2268 1725 2311; x_wconf 91' lang='lat' dir='ltr'><strong>in</strong></span> <span class='ocrx_word' id='word_1_257' title='bbox 1761 2266 1912 2323; x_wconf 84' lang='lat' dir='ltr'><strong>capite</strong></span> 
     </span>
     <span class='ocr_line' id='line_1_32' title="bbox 492 2332 1911 2390; baseline 0.001 -16"><span class='ocrx_word' id='word_1_258' title='bbox 492 2332 613 2388; x_wconf 88' lang='lat' dir='ltr'><strong>pelle</strong></span> <span class='ocrx_word' id='word_1_259' title='bbox 658 2332 891 2388; x_wconf 66' lang='lat' dir='ltr'><strong>obtineto,</strong></span> <span class='ocrx_word' id='word_1_260' title='bbox 927 2333 1053 2390; x_wconf 88' lang='lat' dir='ltr'><strong>quod</strong></span> <span class='ocrx_word' id='word_1_261' title='bbox 1078 2346 1163 2390; x_wconf 88' lang='lat' dir='ltr'><strong>pro</strong></span> <span class='ocrx_word' id='word_1_262' title='bbox 1198 2332 1270 2377; x_wconf 84' lang='lat' dir='ltr'><strong>sua</strong></span> <span class='ocrx_word' id='word_1_263' title='bbox 1299 2333 1574 2378; x_wconf 84' lang='lat' dir='ltr'><strong>humanitate</strong></span> <span class='ocrx_word' id='word_1_264' title='bbox 1619 2332 1745 2377; x_wconf 88' lang='lat' dir='ltr'><strong>solita</strong></span> <span class='ocrx_word' id='word_1_265' title='bbox 1782 2344 1911 2376; x_wconf 86' lang='lat' dir='ltr'><strong>mon-</strong></span> 
     </span>
     <span class='ocr_line' id='line_1_33' title="bbox 493 2395 1913 2455; baseline 0.001 -15"><span class='ocrx_word' id='word_1_266' title='bbox 493 2395 783 2441; x_wconf 80' lang='lat' dir='ltr'><strong>stravitceleb</strong></span> <span class='ocrx_word' id='word_1_267' title='bbox 809 2398 1088 2443; x_wconf 85' lang='lat' dir='ltr'><strong>ALLAMAND</strong></span> <span class='ocrx_word' id='word_1_268' title='bbox 1115 2398 1224 2442; x_wconf 90' lang='lat' dir='ltr'><strong>olim</strong></span> <span class='ocrx_word' id='word_1_269' title='bbox 1238 2409 1494 2455; x_wconf 83' lang='lat' dir='ltr'><strong>praeceptor</strong></span> <span class='ocrx_word' id='word_1_270' title='bbox 1513 2431 1527 2452; x_wconf 91' lang='lat'>‚</span> <span class='ocrx_word' id='word_1_271' title='bbox 1546 2397 1719 2455; x_wconf 82' lang='lat' dir='ltr'><strong>semper</strong></span> <span class='ocrx_word' id='word_1_272' title='bbox 1738 2397 1913 2442; x_wconf 88' lang='lat' dir='ltr'><strong>amicus</strong></span> 
     </span>
     <span class='ocr_line' id='line_1_34' title="bbox 495 2459 805 2507; baseline 0.01 -3"><span class='ocrx_word' id='word_1_273' title='bbox 495 2459 805 2507; x_wconf 78' lang='lat' dir='ltr'><strong>aesttitnandns.</strong></span> 
     </span>
    </p>
   </div>
   <div class='ocr_carea' id='block_1_6' title="bbox 394 2520 1915 2586">
    <p class='ocr_par' dir='ltr' id='par_1_6' title="bbox 394 2520 1915 2586">
     <span class='ocr_line' id='line_1_35' title="bbox 394 2520 1915 2586; baseline 0.001 -16"><span class='ocrx_word' id='word_1_274' title='bbox 394 2520 566 2570; x_wconf 74' lang='lat' dir='ltr'><strong>Haecce</strong></span> <span class='ocrx_word' id='word_1_275' title='bbox 597 2527 744 2572; x_wconf 87' lang='lat' dir='ltr'><strong>obiter</strong></span> <span class='ocrx_word' id='word_1_276' title='bbox 774 2527 831 2573; x_wconf 91' lang='lat' dir='ltr'><strong>de</strong></span> <span class='ocrx_word' id='word_1_277' title='bbox 856 2524 1034 2586; x_wconf 58' lang='lat' dir='ltr'><strong>gif-affe</strong></span> <span class='ocrx_word' id='word_1_278' title='bbox 1076 2524 1363 2572; x_wconf 86' lang='lat' dir='ltr'><strong>conscribere</strong></span> <span class='ocrx_word' id='word_1_279' title='bbox 1396 2525 1650 2572; x_wconf 85' lang='lat' dir='ltr'><strong>consultum</strong></span> <span class='ocrx_word' id='word_1_280' title='bbox 1694 2523 1833 2578; x_wconf 84' lang='lat' dir='ltr'><strong>duxi,</strong></span> <span class='ocrx_word' id='word_1_281' title='bbox 1864 2536 1915 2571; x_wconf 89' lang='lat' dir='ltr'><strong>ut</strong></span> 
     </span>
    </p>
   </div>
   <div class='ocr_carea' id='block_1_7' title="bbox 491 2589 1917 2785">
    <p class='ocr_par' dir='ltr' id='par_1_7' title="bbox 491 2589 1917 2785">
     <span class='ocr_line' id='line_1_36' title="bbox 494 2589 1917 2650; baseline 0.001 -18"><span class='ocrx_word' id='word_1_282' title='bbox 494 2603 598 2636; x_wconf 87' lang='lat' dir='ltr'><strong>vera</strong></span> <span class='ocrx_word' id='word_1_283' title='bbox 620 2591 716 2650; x_wconf 87' lang='lat' dir='ltr'><strong>ejus</strong></span> <span class='ocrx_word' id='word_1_284' title='bbox 744 2592 1027 2639; x_wconf 84' lang='lat' dir='ltr'><strong>adumbratio</strong></span> <span class='ocrx_word' id='word_1_285' title='bbox 1054 2591 1259 2645; x_wconf 82' lang='lat' dir='ltr'><strong>daretnr3</strong></span> <span class='ocrx_word' id='word_1_286' title='bbox 1287 2591 1426 2648; x_wconf 87' lang='lat' dir='ltr'><strong>magis</strong></span> <span class='ocrx_word' id='word_1_287' title='bbox 1456 2591 1696 2649; x_wconf 79' lang='lat' dir='ltr'><strong>plenariam</strong></span> <span class='ocrx_word' id='word_1_288' title='bbox 1722 2589 1917 2646; x_wconf 87' lang='lat' dir='ltr'><strong>descrip-</strong></span> 
     </span>
     <span class='ocr_line' id='line_1_37' title="bbox 492 2652 1910 2715; baseline 0.002 -15"><span class='ocrx_word' id='word_1_289' title='bbox 492 2656 665 2702; x_wconf 90' lang='lat' dir='ltr'><strong>tionem</strong></span> <span class='ocrx_word' id='word_1_290' title='bbox 704 2656 880 2705; x_wconf 84' lang='lat' dir='ltr'><strong>vedefis</strong></span> <span class='ocrx_word' id='word_1_291' title='bbox 927 2656 1048 2715; x_wconf 85' lang='lat' dir='ltr'><strong>apud</strong></span> <span class='ocrx_word' id='word_1_292' title='bbox 1088 2657 1383 2702; x_wconf 77' lang='lat' dir='ltr'><strong>BUFFONIUM</strong></span> <span class='ocrx_word' id='word_1_293' title='bbox 1429 2655 1474 2701; x_wconf 91' lang='lat' dir='ltr'><strong>in</strong></span> <span class='ocrx_word' id='word_1_294' title='bbox 1513 2656 1832 2714; x_wconf 83' lang='lat' dir='ltr'><strong>supplementis</strong></span> <span class='ocrx_word' id='word_1_295' title='bbox 1859 2652 1910 2703; x_wconf 67' lang='grc' dir='ltr'><strong>δε</strong></span> 
     </span>
     <span class='ocr_line' id='line_1_38' title="bbox 491 2720 1908 2785; baseline -0.003 -14"><span class='ocrx_word' id='word_1_296' title='bbox 491 2734 593 2783; x_wconf 77' lang='lat' dir='ltr'><strong>quae</strong></span> <span class='ocrx_word' id='word_1_297' title='bbox 614 2723 703 2785; x_wconf 73' lang='lat' dir='ltr'><strong>iam</strong></span> <span class='ocrx_word' id='word_1_298' title='bbox 724 2737 925 2773; x_wconf 87' lang='lat' dir='ltr'><strong>carceres</strong></span> <span class='ocrx_word' id='word_1_299' title='bbox 950 2721 1128 2770; x_wconf 87' lang='lat' dir='ltr'><strong>mordet</strong></span> <span class='ocrx_word' id='word_1_300' title='bbox 1156 2724 1215 2770; x_wconf 91' lang='lat' dir='ltr'><strong>cl.</strong></span> <span class='ocrx_word' id='word_1_301' title='bbox 1242 2722 1517 2769; x_wconf 74' lang='lat' dir='ltr'><strong>VosMAERn</strong></span> <span class='ocrx_word' id='word_1_302' title='bbox 1563 2720 1908 2781; x_wconf 75' lang='lat' dir='ltr'><strong>monograpliia.</strong></span> 
     </span>
    </p>
   </div>
   <div class='ocr_carea' id='block_1_8' title="bbox 1731 3247 1903 3297">
    <p class='ocr_par' dir='ltr' id='par_1_8' title="bbox 1731 3247 1903 3297">
     <span class='ocr_line' id='line_1_39' title="bbox 1731 3247 1903 3297; baseline -0.012 0"><span class='ocrx_word' id='word_1_303' title='bbox 1731 3247 1903 3297; x_wconf 83' lang='lat' dir='ltr'><strong>XXIX.</strong></span> 
     </span>
    </p>
   </div>
  </div>
 </body>
</html>
