1987 3861
184 250 857 320 CONTEMPLATIO
896 251 1421 317 ANIMALIUM.
1544 271 1622 331 15¹

59 411 177 468 saepe
216 408 259 452 in
303 403 465 452 eodem
487 436 502 459 ,
537 403 673 450 Simia
698 413 885 448 externo
913 400 1087 448 'habitu
1139 398 1188 446 &
1232 402 1415 460 ingenio
1452 403 1626 449 homini

57 474 177 520 adeo
206 470 346 518 affinis
387 482 507 514 caret
542 471 646 514 albo
679 468 838 521 oculi,
873 467 1000 523 quod
1040 469 1085 512 in
1109 465 1294 512 homine
1331 467 1536 512 amicitiae
1565 481 1629 514 at·

56 551 152 596 que
178 537 325 582 hilaris
347 534 510 588 animi,
545 531 663 591 signa
696 531 994 586 demonstratt,
1030 533 1075 576 in
1118 532 1278 576 ceteris
1315 529 1630 590 Quadrupedi-

55 604 145 648 bus
169 616 193 646 a
222 604 355 647 latere
400 597 569 656 politus
603 599 766 642 oculus
811 595 901 652 est,
939 594 986 643 &
1033 598 1076 641 in
1106 595 1244 653 Lupo
1270 595 1457 652 aliisque
1484 597 1626 640 carui·

57 668 183 713 voris
213 667 431 722 obliquus>
473 661 644 719 lignum
679 660 848 706 fallacis
892 662 1026 706 animi
1061 694 1075 715 ‚
1129 671 1265 717 atque
1321 660 1625 714 crudelitati33

58 744 248 790 magnus
294 729 590 787 pulcerrimus
625 728 668 770 in
696 726 1019 771 ruminantibus
1039 758 1052 779 ,
1071 725 1305 783 praesertim
1333 727 1376 769 in
1399 726 1628 784 Antilopi-

58 797 177 850 bus,
213 806 377 852 parvus
405 791 485 836 vix
514 789 696 835 visibilis
725 791 768 833 in
796 789 963 847 Talpa,
1000 788 1048 836 &z
1083 791 1126 834 in
1152 788 1296 834 Mure
1319 787 1477 849 'l'yplzlo
1493 792 1627 848 plane

58 860 234 913 nullus;
273 858 318 902 in
357 855 509 900 multis
551 852 963 914 Quadrupedibus,
1016 856 1180 899 oculus
1222 856 1475 900 membrana
1501 856 1634 902 nifri-

59 935 181 972 tante
213 923 408 980 tegitur,
442 919 593 963 avium
628 931 737 963 vero
779 919 903 963 oculi
938 919 1162 976 planiores
1198 931 1331 975 quam
1362 918 1630 978 Quadrupe-

58 989 187 1034 dium
223 984 272 1033 δε
310 983 643 1044 periopthalmo
680 980 903 1035 instructi,
949 993 998 1027 ut
1040 996 1064 1026 a
1103 982 1234 1027 variis
1274 981 1526 1030 laesionibus
1553 984 1630 1030 de-

59 1051 328 1105 fendantur,
377 1062 511 1106 atque
551 1059 668 1092 tanta
709 1047 923 1092 facultate
968 1049 1113 1104 pollet
1149 1047 1299 1092 hocce
1334 1062 1551 1105 organum
1580 1058 1631 1095 ut

62 1114 360 1164 exaltitudine
426 1125 576 1172 17000
621 1110 670 1158 &
708 1113 820 1157 ultra
862 1110 1060 1171 pedum,
1094 1111 1245 1158 videat
1273 1113 1440 1170 Aquila
1476 1115 1630 1171 pullos

63 1182 359 1228 Gallinaceos
388 1189 523 1235 atque
564 1177 740 1222 Gallina
779 1190 837 1222 ex
869 1176 1025 1221 eadem
1055 1175 1255 1222 distantia
1299 1177 1451 1222 videat
1487 1178 1634 1222 inimi-

60 1259 164 1294 cam
189 1257 344 1297 avem,
381 1240 430 1289 δε
466 1240 623 1286 instans
653 1241 906 1298 periculum
934 1242 1085 1298 pullos
1120 1254 1280 1286 notum
1309 1241 1473 1294 faciat,
1509 1243 1635 1286 aliter

63 1308 262 1358 Piscium
311 1319 526 1363 organum
567 1305 827 1361 composuit
876 1318 1021 1350 rerum
1062 1307 1271 1358 Arbiter,
1324 1307 1386 1351 ob
1433 1305 1634 1352 medium

58 1370 244 1420 densius
272 1372 316 1415 in
347 1384 441 1428 quo
479 1370 614 1414 vitam
638 1368 837 1426 degunt,
873 1369 933 1413 ast
965 1369 1040 1413 has
1080 1369 1352 1416 differentias
1379 1371 1633 1417 anatomice't

64 1435 118 1486 δε
146 1433 466 1494 Physiologice'
496 1432 723 1478 deducere
743 1433 984 1487 terminos,
1020 1446 1137 1490 quos
1165 1434 1370 1480 mihimet
1395 1434 1636 1494 praescripsi

60 1501 197 1548 nimis
222 1499 491 1550 excederet:J
527 1497 724 1555 superius
758 1498 873 1544 dieta
899 1499 1050 1556 itaque
1071 1498 1302 1545 sufficiant.
1380 1499 1529 1560 Quam
1562 1499 1640 1545 ad·

63 1564 262 1613 miranda
310 1563 520 1609 struftura
561 1563 605 1606 in
642 1563 948 1608 mechanismo
982 1562 1160 1609 auditus
1205 1577 1298 1608 non
1342 1564 1474 1610 offert
1519 1565 1636 1610 auris

64 1629 293 1682 animalis,
329 1627 523 1672 maxime
570 1628 841 1685 complicata
874 1628 918 1672 in
955 1627 1142 1673 homine
1169 1625 1218 1674 &
1252 1626 1637 1688 Quadrupedibus

68 1693 121 1743 &
147 1694 305 1739 avibus
346 1691 506 1737 duetus
553 1691 730 1737 auditus
769 1690 860 1737 five
889 1692 1016 1737 thba
1058 1689 1302 1751 Eustachii
1331 1692 1637 1751 Tympamtm,

67 1759 266 1805 Canales
298 1753 411 1811 femi
436 1756 715 1809 circulares,
765 1754 839 1802 sed
865 1769 950 1800 nec
972 1754 1124 1815 stapes
1143 1791 1156 1810 ,
1192 1769 1277 1802 nec
1308 1759 1533 1804 malleus:
1569 1758 1637 1803 so-

65 1820 306 1872 lummodo
331 1834 517 1879 parvum
543 1819 777 1867 officulum
801 1820 1086 1878 disciforme,
1109 1818 1157 1868 &
1189 1822 1274 1867 illis
1294 1821 1470 1869 Limax
1499 1822 1639 1869 deest.

132 1951 342 1998 Auditus
372 1949 572 1996 Piscibus
597 1950 706 1996 olim
733 1952 862 2008 plane
882 1948 1128 2007 denegatus
1146 1982 1161 2004 ‚
1198 1948 1246 1998 δε
1263 1951 1393 1995 etiam
1409 1964 1552 2010 nuper
1579 1951 1636 1996 ab

70 2016 223 2063 illustr.
238 2016 471 2069 GOUANO,
491 2015 662 2071 primus
683 2015 843 2060 olfecit
861 2027 1077 2059 KLElNius
1092 2048 1106 2069 ,
1126 2015 1199 2060 cui
1216 2015 1396 2060 adlatus
1411 2017 1534 2061 venit
1554 2016 1637 2062 Ve-

73 2080 504 2125 ner.ScnAEFFERUS
519 2109 532 2130 ,
555 2077 633 2134 qui
650 2076 742 2123 duo
763 2076 946 2123 ossicula
961 2077 1182 2123 auditoria
1197 2080 1239 2122 in
1256 2080 1472 2138 Cyprinis
1492 2080 1638 2126 osten-

74 2141 142 2188 dit
189 2139 336 2199 (Pz'sc.
372 2140 558 2185 Ratisb.
583 2139 782 2204 pernas)
816 2139 993 2186 tandem
1026 2155 1191 2199 magno
1229 2143 1447 2201 Campero
1480 2146 1525 2189 in
1561 2146 1638 2191 Se-

74 2207 169 2252 culi
188 2204 400 2264 &patria-²
431 2204 570 2250 decus
598 2216 735 2260 nato,
770 2206 941 2251 hancce
964 2218 1056 2251 rem
1091 2218 1215 2251 extra
1245 2207 1433 2254 dubium
1465 2222 1638 2267 ponere

74 2270 229 2318 datum
265 2269 359 2321 est,
403 2268 518 2312 vidit
553 2269 673 2313 enim
712 2270 757 2314 in
791 2267 942 2326 Asello
970 2284 1173 2328 organon
1202 2270 1294 2317 hoc
1325 2272 1569 2329 separatum
1610 2286 1637 2318 a

75 2332 562 2386 cerebro,membrana
579 2333 734 2388 molli,
756 2333 927 2388 flexili,
961 2335 1191 2392 pellucida
1227 2339 1436 2391 tremula,
1474 2338 1640 2383 canali·

73 2400 162 2445 bus
205 2396 605 2444 semicircularibus
633 2396 838 2443 adnexa:
879 2398 1049 2444 constat
1084 2412 1285 2458 organon
1322 2414 1438 2446 cavo
1485 2405 1636 2460 amplo

75 2461 234 2518 osseo,
268 2461 405 2507 tribus
447 2462 673 2507 canalibus
713 2462 952 2518 instrucsto,
987 2463 1066 2522 qui
1096 2464 1140 2508 in
1166 2464 1355 2522 capsulis
1384 2465 1638 2512 semicircu-

74 2529 239 2574 laribus
264 2526 555 2584 cartilagineis
583 2525 730 2572 sedem
743 2527 925 2574 habent.
962 2528 1013 2573 In
1049 2541 1102 2573 ea
1131 2531 1321 2575 cavitate
1347 2544 1464 2588 pons
1488 2530 1634 2586 oss'e-a,

6 2629 9 2632 .
75 2591 133 2638 ad
183 2591 426 2637 secundum
468 2591 705 2636 cavitatem
752 2591 901 2647 ducit,
940 2594 1192 2639 membrana
1233 2606 1382 2640 tamen
1424 2597 1636 2651 obtecta,

77 2655 271 2702 secunda
299 2669 358 2701 ex
396 2655 506 2702 fossa
523 2656 838 2714 cartilaginea,
873 2657 1092 2703 naviculae
1125 2655 1253 2703 simili
1290 2661 1544 2706 membrana
1572 2662 1639 2705 ni·

80 2722 276 2779 gricante
305 2719 507 2765 investita
526 2754 540 2775 ,
567 2721 612 2765 in
642 2735 732 2777 qua
757 2719 986 2768 officulum
1016 2720 1194 2768 auditus
1221 2725 1447 2783 petrosum
1475 2725 1636 2771 nullibi

79 2798 305 2831 annexum
335 2786 618 2840 continetur,
652 2785 758 2832 Tria
787 2786 885 2830 talia
924 2785 1106 2832 officula
1136 2787 1274 2834 Lucio
1302 2789 1456 2844 Pisce,
1503 2792 1544 2835 in
1571 2791 1637 2835 in-

79 2850 322 2895 volucrum
346 2849 482 2907 hujus
502 2851 704 2896 cavitatis
726 2883 740 2905 ,
774 2864 936 2898 nervus
965 2852 1137 2910 septimi
1165 2855 1280 2910 paris
1301 2888 1314 2908 ‚
1334 2869 1480 2900 ramos
1514 2855 1637 2900 exse-

80 2914 166 2967 rit,
201 2910 352 2959 sensim
379 2914 593 2962 minores.
657 2915 814 2961 Tertio
844 2929 903 2961 ex
934 2917 1071 2962 tribus
1090 2920 1316 2964 canalibus
1344 2919 1640 2964 semicircula-

80 2978 206 3026 ribus
247 2977 562 3040 cartilagineis,
609 2981 652 3025 in
692 2993 808 3038 quos
847 2983 954 3026 rami
982 2982 1097 3039 paris
1126 2981 1345 3040 quinti&
1380 2983 1553 3042 septimi
1579 2983 1642 3028 in-

13 3075 15 3077 .
84 3053 228 3095 trant,
260 3043 397 3100 longe
435 3044 555 3089 aliud
591 3044 636 3090 id
672 3059 886 3104 organum
918 3047 961 3091 in
985 3047 1132 3105 capite
1146 3050 1285 3094 Ceres
1306 3049 1478 3094 invenit
1504 3049 1645 3093 Doct.

85 3107 374 3154 KLocKNER.
398 3105 474 3154 sed
498 3122 603 3157 cum
631 3110 720 3156 fata
756 3111 957 3158 infelicia
994 3111 1134 3160 Lares
1163 3112 1361 3161 deserere
1405 3112 1647 3168 Indiasque

1569 3188 1649 3235 pe·
