1987 3861
226 268 900 365 coNTEMPLATIO
939 270 1465 339 ANIMALIUM.
1607 271 1650 356 γ’

73 421 236 478 Vena,
274 436 374 482 quae
417 421 671 479 sanguinem
709 419 753 465 in
797 431 1030 475 truncum,
1065 419 1187 466 arcui
1213 419 1338 466 offeo
1370 420 1500 480 super
1522 423 1642 482 posi-

75 498 170 534 tum
197 485 490 541 transfundit,
540 485 716 530 tandem
741 499 866 532 vente
902 499 1087 539 omnes,
1123 499 1181 531 ex
1214 487 1319 531 offro
1349 489 1538 533 arcubus
1565 503 1638 534 os-

70 552 154 598 seis
196 553 512 610 provenientes
536 551 579 594 in
606 563 737 596 unam
763 555 962 607 coeunt,
998 564 1100 608 quae
1143 563 1258 595 trans
1295 551 1458 608 spinam
1489 552 1635 597 dorsa-

68 618 158 662 lem
191 615 610 670 currend0,Aortae
637 614 943 661 descendentis
961 614 1525 672 vicefungitur3venarum
1556 629 1634 660 ex-

68 683 309 726 tremitates
332 684 477 725 alterae
501 679 756 737 sanguinem
787 680 833 723 in
866 682 1001 726 alium
1025 692 1231 726 truncum
1248 712 1261 733 ,
1308 681 1633 737 transmittunt,

68 746 146 805 qui
173 759 354 792 truncus
373 777 387 800 ,
421 743 556 789 finem
577 743 750 790 invenit
777 743 832 789 ad
861 746 1198 804 receptaculum
1223 744 1505 805 Duverneji.

131 872 386 933 Amphibiis
425 871 646 929 plerisque
693 884 774 916 cor
802 871 914 917 infra
954 874 1221 927 Palmam,
1255 872 1536 929 biloculare,
1569 874 1640 920 bi-

22 976 28 989 ,
65 942 284 992 auritum,
323 948 369 982 ut
404 937 611 982 testanutr
647 938 754 981 DD.
797 938 1106 982 Nonnuvume
1144 934 1192 982 ἅ*
1231 939 1452 983 SALERNE
1481 940 1524 984 in
1551 938 1636 985 ser·

13 998 17 1007 ¹
67 1005 306 1062 pentibus,
343 1002 471 1047 celeb
516 1000 666 1046 Mem*
710 1001 754 1045 in
784 1000 1028 1047 Testudine
1055 1002 1265 1054 terrestri,
1302 1002 1635 1062 Hassenoms'r

67 1070 113 1114 in
138 1067 390 1123 Crocedil03
426 1078 655 1125 perperam
687 1066 836 1124 itaque
876 1068 1022 1112 celeb.
1091 1067 1324 1112 LINNAEUS
1360 1080 1442 1112 cor
1475 1068 1635 1114 unico·

66 1136 253 1188 calare,
322 1131 594 1177 uniauritum
636 1144 718 1188 pro
773 1129 969 1187 diagnofi
1008 1130 1173 1176 ordinis
1213 1131 1372 1184 habet3
1422 1131 1467 1176 in
1514 1133 1635 1178 hisce

69 1198 243 1256 sanguis
268 1197 389 1254 prius
414 1195 689 1240 ventriculos
714 1195 876 1247 intrat,
912 1196 1121 1242 auriculae
1161 1195 1433 1252 superfluum
1474 1197 1638 1254 recipi·

67 1273 177 1315 unt,
213 1259 328 1306 finus
353 1260 514 1304 dexter
547 1259 707 1315 recipit
734 1259 988 1316 sanguinem
1021 1272 1079 1304 ex
1126 1260 1254 1303 Vena
1291 1273 1437 1314 cam,
1473 1259 1638 1306 sinister

67 1339 127 1371 ex
151 1339 271 1368 vena
295 1323 557 1368 Pulmonalz·
585 1320 632 1369 &
659 1335 740 1380 per
770 1336 864 1367 eam
884 1323 1056 1380 sanguis
1073 1337 1153 1381 per
1176 1334 1319 1367 totum
1340 1323 1522 1382 Corpus
1549 1324 1638 1372 dis-

65 1390 299 1450 pergitur,
335 1384 383 1434 &
409 1401 492 1445 pro
526 1399 650 1444 parte
673 1388 717 1430 in
744 1388 935 1433 cavitate
961 1387 1114 1433 dextra
1142 1388 1374 1446 recipitur.

129 1514 390 1576 Aphrodite
417 1515 638 1560 aculeata
656 1513 811 1561 Corde
845 1528 991 1569 caret,
1029 1515 1103 1560 sed
1131 1515 1328 1577 Systema
1356 1515 1637 1563 vasculosum

66 1594 128 1628 ex
160 1581 376 1626 Intestinis
411 1579 670 1625 transfertur
686 1578 730 1623 in
756 1593 832 1626 vas
855 1594 1064 1640 magnum
1083 1610 1099 1634 ,
1132 1593 1278 1626 ramos
1307 1581 1517 1627 omnibus
1537 1595 1642 1628 cor-

69 1645 192 1705 poris
226 1645 451 1704 partibus,
485 1644 736 1702 porrigens.

130 1775 181 1820 In
216 1771 419 1833 Laplyffa
449 1773 595 1819 LINN.
621 1785 702 1817 cor
732 1772 983 1818 membrana
1009 1775 1284 1827 convoluta,
1322 1775 1533 1832 utrinque
1563 1775 1641 1821 de-

65 1837 210 1885 finens
250 1840 293 1883 in
329 1851 438 1892 vas,
469 1840 585 1882 refta
614 1836 866 1895 procedens
886 1838 1054 1894 absque
1080 1840 1208 1883 ramis
1243 1841 1509 1885 lateralibus.
1545 1841 1638 1886 Do·

66 1903 167 1949 ridi
188 1903 316 1962 Argo
340 1915 421 1947 cor
451 1903 641 1947 nullum.
708 1901 969 1947 Secundum
995 1902 1347 1948 BOHADSCHIUM
1378 1902 1425 1950 ἃ
1451 1905 1638 1950 Psslsso·

65 1979 283 2013 NELLUM.
316 1993 422 2001 —
454 1966 657 2010 Limacis
695 1979 776 2010 cor
819 1966 1069 2024 pyrif0rme
1091 1967 1293 2012 Aormm
1321 1981 1380 2012 ex
1399 1969 1528 2025 apice
1555 1981 1636 2013 tra·

66 2031 152 2076 dit.
182 2056 289 2064 -——-
321 2026 591 2084 Inferior-um
616 2041 699 2073 cor
724 2029 929 2074 tubulum
945 2031 1016 2073 vel
1035 2032 1232 2075 canalem
1263 2032 1637 2088 longitudinalem

67 2096 238 2152 absque
271 2093 399 2137 ramis
444 2090 530 2135 effe
557 2092 701 2136 statuit
744 2091 1060 2137 oculatissimus
1087 2093 1454 2140 ZWAMMERDAM
1474 2129 1486 2150 ,
1521 2110 1635 2143 vero

66 2172 173 2205 eum
201 2158 397 2202 canalem
423 2168 504 2200 cor
527 2154 613 2200 effe
637 2155 809 2200 dubitat
848 2155 1161 2202 LIONNETTUS
1193 2158 1512 2206 inseStotomus
1539 2163 1634 2207 exi-

68 2224 214 2276 mius,
248 2220 546 2266 oscillationes
580 2231 726 2263 tamen
744 2220 900 2274 ,cordi
932 2220 1103 2278 aliquid
1132 2225 1368 2280 analogum
1397 2225 1634 2282 testantur3

66 2287 328 2332 semilunare
361 2283 651 2328 Aninmlculi
677 2282 866 2342 rots‘fbssi
882 2317 896 2338 ,
931 2285 1213 2342 aliorumque
1235 2285 1633 2346 Braclzionorum,

62 2349 220 2408 saepius
243 2348 363 2400 vidi,
398 2346 516 2392 haud
539 2358 683 2391 tamen
711 2343 758 2393 ἅ
787 2346 927 2393 solare
961 2349 1311 2408 microscopium
1347 2353 1452 2397 mihi
1490 2354 1634 2398 Arte-

62 2418 166 2461 νίας
200 2414 406 2458 Venas-ve
450 2410 684 2456 ostendere
740 2424 818 2468 par
859 2411 972 2468 fuit,
1006 2439 1111 2449 —-
1145 2428 1226 2461 cor
1252 2415 1429 2474 Polffiis
1450 2422 1631 2475 gomis,

63 2478 335 2525 ‘monadibus
381 2488 470 2522 ete.
505 2475 772 2533 denegatum
804 2475 999 2523 videtur.
1066 2477 1182 2539 Qua}
1217 2482 1366 2525 omnia
1395 2480 1426 2526 fi
1459 2494 1630 2530 attento

64 2544 216 2589 animo
254 2540 570 2599 perpendimus
604 2540 811 2586 videmus
835 2574 850 2595 ,
899 2539 1098 2600 Systema
1153 2542 1431 2600 vasa-nlofztm
1476 2547 1630 2594 sensim

12 2610 15 2612 ’
61 2603 593 2664 senfimquefimplificari
613 2637 628 2658 ,
665 2603 815 2650 donec
841 2617 988 2652 totum
1016 2608 1279 2654 evanescere
1303 2610 1630 2667 videatur-,ubi

65 2671 284 2732 Regnum
313 2670 527 2724 animale,
564 2669 818 2729 Vegetabili
842 2672 1138 2717 conneaitur.

128 2798 219 2845 Sed
242 2810 294 2845 ut
317 2796 510 2844 circulus
533 2797 798 2856 sanguineus
823 2798 906 2844 rite
934 2798 1181 2858 procedat,
1214 2814 1301 2847 nec
1329 2803 1461 2851 variis
1487 2804 1630 2864 impe·
1673 2860 1677 2866 ,

65 2863 213 2911 diatur
254 2862 490 2908 obstaculis
522 2896 535 2917 ,
584 2862 761 2915 necess'e
799 2863 862 2909 est
892 2876 941 2908 ut
971 2864 1143 2922 sanguis
1171 2866 1480 2924 refrigeretur,
1525 2884 1628 2915 aura
1666 2870 1674 2883 ¹

63 2934 278 2981 externam
316 2927 548 2973 videamus
576 2927 730 2986 itaque
755 2928 950 2974 breviter
991 2930 1205 2976 SYsTEMA
1228 2944 1630 2981 RESPIRATORIUM.

130 3056 320 3102 Homini
374 3051 424 3103 &
480 3054 843 3115 quadrupedibus
893 3055 1118 3113 Thorax,
1169 3072 1269 3117 quae
1325 3070 1463 3106 crates
1510 3060 1630 3108 offea

63 3122 222 3183 partim
251 3154 268 3178 ‚
359 3121 640 3181 cartaliginea
667 3155 682 3178 ,
746 3120 905 3234 paxtim
968 3123 1303 3172 membranacea
1366 3125 1591 3237 mutabilff
1607 3151 1632 3183 ³,

81 3212 84 3216 ι
860 3199 893 3246 4
1592 3204 1636 3237 a..
